%YAML 1.1
%TAG !u! tag:unity3d.com,2011:
--- !u!1 &103930
GameObject:
  m_ObjectHideFlags: 0
  m_PrefabParentObject: {fileID: 0}
  m_PrefabInternal: {fileID: 100100000}
  serializedVersion: 4
  m_Component:
  - 4: {fileID: 409528}
  - 212: {fileID: 21228200}
  - 50: {fileID: 5080752}
  - 114: {fileID: 11446508}
  - 114: {fileID: 11400398}
  - 114: {fileID: 11442518}
  m_Layer: 15
  m_Name: Untitled-7-10
  m_TagString: Untagged
  m_Icon: {fileID: 0}
  m_NavMeshLayer: 0
  m_StaticEditorFlags: 0
  m_IsActive: 1
--- !u!1 &104966
GameObject:
  m_ObjectHideFlags: 0
  m_PrefabParentObject: {fileID: 0}
  m_PrefabInternal: {fileID: 100100000}
  serializedVersion: 4
  m_Component:
  - 4: {fileID: 401122}
  - 212: {fileID: 21271982}
  - 50: {fileID: 5051758}
  - 114: {fileID: 11405006}
  - 114: {fileID: 11467524}
  - 114: {fileID: 11410568}
  m_Layer: 15
  m_Name: Untitled-7-7
  m_TagString: Untagged
  m_Icon: {fileID: 0}
  m_NavMeshLayer: 0
  m_StaticEditorFlags: 0
  m_IsActive: 1
--- !u!1 &111036
GameObject:
  m_ObjectHideFlags: 0
  m_PrefabParentObject: {fileID: 0}
  m_PrefabInternal: {fileID: 100100000}
  serializedVersion: 4
  m_Component:
  - 4: {fileID: 475270}
  - 212: {fileID: 21206546}
  - 50: {fileID: 5023834}
  - 114: {fileID: 11491522}
  - 114: {fileID: 11435004}
  - 114: {fileID: 11402630}
  m_Layer: 15
  m_Name: Untitled-7-3
  m_TagString: Untagged
  m_Icon: {fileID: 0}
  m_NavMeshLayer: 0
  m_StaticEditorFlags: 0
  m_IsActive: 1
--- !u!1 &122266
GameObject:
  m_ObjectHideFlags: 0
  m_PrefabParentObject: {fileID: 0}
  m_PrefabInternal: {fileID: 100100000}
  serializedVersion: 4
  m_Component:
  - 4: {fileID: 465700}
  - 212: {fileID: 21277262}
  - 50: {fileID: 5044500}
  - 114: {fileID: 11444840}
  - 114: {fileID: 11484074}
  - 114: {fileID: 11495126}
  m_Layer: 15
  m_Name: Untitled-7-11
  m_TagString: Untagged
  m_Icon: {fileID: 0}
  m_NavMeshLayer: 0
  m_StaticEditorFlags: 0
  m_IsActive: 1
--- !u!1 &123924
GameObject:
  m_ObjectHideFlags: 0
  m_PrefabParentObject: {fileID: 0}
  m_PrefabInternal: {fileID: 100100000}
  serializedVersion: 4
  m_Component:
  - 4: {fileID: 480984}
  - 212: {fileID: 21281706}
  - 50: {fileID: 5025338}
  - 114: {fileID: 11411580}
  - 114: {fileID: 11412196}
  - 114: {fileID: 11434412}
  m_Layer: 15
  m_Name: Untitled-7-1
  m_TagString: Untagged
  m_Icon: {fileID: 0}
  m_NavMeshLayer: 0
  m_StaticEditorFlags: 0
  m_IsActive: 1
--- !u!1 &124842
GameObject:
  m_ObjectHideFlags: 0
  m_PrefabParentObject: {fileID: 0}
  m_PrefabInternal: {fileID: 100100000}
  serializedVersion: 4
  m_Component:
  - 4: {fileID: 440718}
  - 212: {fileID: 21284254}
  - 50: {fileID: 5057876}
  - 114: {fileID: 11498006}
  - 114: {fileID: 11405252}
  - 114: {fileID: 11428704}
  m_Layer: 15
  m_Name: Untitled-7-0
  m_TagString: Untagged
  m_Icon: {fileID: 0}
  m_NavMeshLayer: 0
  m_StaticEditorFlags: 0
  m_IsActive: 1
--- !u!1 &142208
GameObject:
  m_ObjectHideFlags: 0
  m_PrefabParentObject: {fileID: 0}
  m_PrefabInternal: {fileID: 100100000}
  serializedVersion: 4
  m_Component:
  - 4: {fileID: 429472}
  - 212: {fileID: 21237858}
  - 114: {fileID: 11453372}
  - 114: {fileID: 11434714}
  m_Layer: 0
  m_Name: ExplodeRedGlow 4
  m_TagString: Untagged
  m_Icon: {fileID: 0}
  m_NavMeshLayer: 0
  m_StaticEditorFlags: 0
  m_IsActive: 1
--- !u!1 &145876
GameObject:
  m_ObjectHideFlags: 0
  m_PrefabParentObject: {fileID: 0}
  m_PrefabInternal: {fileID: 100100000}
  serializedVersion: 4
  m_Component:
  - 4: {fileID: 417876}
  - 212: {fileID: 21288768}
  - 50: {fileID: 5090798}
  - 114: {fileID: 11454624}
  - 114: {fileID: 11431618}
  - 114: {fileID: 11403646}
  m_Layer: 15
  m_Name: Untitled-7-5
  m_TagString: Untagged
  m_Icon: {fileID: 0}
  m_NavMeshLayer: 0
  m_StaticEditorFlags: 0
  m_IsActive: 1
--- !u!1 &160622
GameObject:
  m_ObjectHideFlags: 0
  m_PrefabParentObject: {fileID: 0}
  m_PrefabInternal: {fileID: 100100000}
  serializedVersion: 4
  m_Component:
  - 4: {fileID: 439048}
  - 212: {fileID: 21291414}
  - 50: {fileID: 5044596}
  - 114: {fileID: 11419822}
  - 114: {fileID: 11404970}
  - 114: {fileID: 11473618}
  m_Layer: 15
  m_Name: Untitled-7-4
  m_TagString: Untagged
  m_Icon: {fileID: 0}
  m_NavMeshLayer: 0
  m_StaticEditorFlags: 0
  m_IsActive: 1
--- !u!1 &180368
GameObject:
  m_ObjectHideFlags: 0
  m_PrefabParentObject: {fileID: 0}
  m_PrefabInternal: {fileID: 100100000}
  serializedVersion: 4
  m_Component:
  - 4: {fileID: 480954}
  - 212: {fileID: 21248900}
  - 50: {fileID: 5093186}
  - 114: {fileID: 11401890}
  - 114: {fileID: 11454452}
  - 114: {fileID: 11400522}
  m_Layer: 15
  m_Name: Untitled-7-6
  m_TagString: Untagged
  m_Icon: {fileID: 0}
  m_NavMeshLayer: 0
  m_StaticEditorFlags: 0
  m_IsActive: 1
--- !u!1 &180972
GameObject:
  m_ObjectHideFlags: 0
  m_PrefabParentObject: {fileID: 0}
  m_PrefabInternal: {fileID: 100100000}
  serializedVersion: 4
  m_Component:
  - 4: {fileID: 444250}
  - 212: {fileID: 21255732}
  - 50: {fileID: 5041202}
  - 114: {fileID: 11493440}
  - 114: {fileID: 11410088}
  - 114: {fileID: 11417538}
  m_Layer: 15
  m_Name: Untitled-7-2
  m_TagString: Untagged
  m_Icon: {fileID: 0}
  m_NavMeshLayer: 0
  m_StaticEditorFlags: 0
  m_IsActive: 1
--- !u!1 &182316
GameObject:
  m_ObjectHideFlags: 0
  m_PrefabParentObject: {fileID: 0}
  m_PrefabInternal: {fileID: 100100000}
  serializedVersion: 4
  m_Component:
  - 4: {fileID: 486408}
  - 212: {fileID: 21210850}
  - 50: {fileID: 5026436}
  - 114: {fileID: 11482804}
  - 114: {fileID: 11453438}
  - 114: {fileID: 11419294}
  m_Layer: 15
  m_Name: Untitled-7-9
  m_TagString: Untagged
  m_Icon: {fileID: 0}
  m_NavMeshLayer: 0
  m_StaticEditorFlags: 0
  m_IsActive: 1
--- !u!1 &197910
GameObject:
  m_ObjectHideFlags: 0
  m_PrefabParentObject: {fileID: 0}
  m_PrefabInternal: {fileID: 100100000}
  serializedVersion: 4
  m_Component:
  - 4: {fileID: 431636}
  - 114: {fileID: 11448716}
  m_Layer: 15
  m_Name: InvulExplosion
  m_TagString: Untagged
  m_Icon: {fileID: 0}
  m_NavMeshLayer: 0
  m_StaticEditorFlags: 0
  m_IsActive: 1
--- !u!1 &199028
GameObject:
  m_ObjectHideFlags: 0
  m_PrefabParentObject: {fileID: 0}
  m_PrefabInternal: {fileID: 100100000}
  serializedVersion: 4
  m_Component:
  - 4: {fileID: 483638}
  - 212: {fileID: 21242518}
  - 50: {fileID: 5030892}
  - 114: {fileID: 11439714}
  - 114: {fileID: 11413468}
  - 114: {fileID: 11464762}
  m_Layer: 15
  m_Name: Untitled-7-8
  m_TagString: Untagged
  m_Icon: {fileID: 0}
  m_NavMeshLayer: 0
  m_StaticEditorFlags: 0
  m_IsActive: 1
--- !u!4 &401122
Transform:
  m_ObjectHideFlags: 1
  m_PrefabParentObject: {fileID: 0}
  m_PrefabInternal: {fileID: 100100000}
  m_GameObject: {fileID: 104966}
  m_LocalRotation: {x: 0, y: 0, z: .358299285, w: .933606803}
  m_LocalPosition: {x: 0, y: 0, z: 0}
  m_LocalScale: {x: 1, y: 1, z: 1}
  m_Children: []
  m_Father: {fileID: 431636}
  m_RootOrder: 7
--- !u!4 &409528
Transform:
  m_ObjectHideFlags: 1
  m_PrefabParentObject: {fileID: 0}
  m_PrefabInternal: {fileID: 100100000}
  m_GameObject: {fileID: 103930}
  m_LocalRotation: {x: 0, y: 0, z: .358299285, w: .933606803}
  m_LocalPosition: {x: 0, y: 0, z: 0}
  m_LocalScale: {x: 1, y: 1, z: 1}
  m_Children: []
  m_Father: {fileID: 431636}
  m_RootOrder: 10
--- !u!4 &417876
Transform:
  m_ObjectHideFlags: 1
  m_PrefabParentObject: {fileID: 0}
  m_PrefabInternal: {fileID: 100100000}
  m_GameObject: {fileID: 145876}
  m_LocalRotation: {x: 0, y: 0, z: .358299285, w: .933606803}
  m_LocalPosition: {x: 0, y: 0, z: 0}
  m_LocalScale: {x: 1, y: 1, z: 1}
  m_Children: []
  m_Father: {fileID: 431636}
  m_RootOrder: 5
--- !u!4 &429472
Transform:
  m_ObjectHideFlags: 1
  m_PrefabParentObject: {fileID: 0}
  m_PrefabInternal: {fileID: 100100000}
  m_GameObject: {fileID: 142208}
  m_LocalRotation: {x: 0, y: 0, z: 0, w: 1}
  m_LocalPosition: {x: 0, y: 0, z: 0}
  m_LocalScale: {x: .100000001, y: .100000001, z: 1}
  m_Children: []
  m_Father: {fileID: 431636}
  m_RootOrder: 12
--- !u!4 &431636
Transform:
  m_ObjectHideFlags: 1
  m_PrefabParentObject: {fileID: 0}
  m_PrefabInternal: {fileID: 100100000}
  m_GameObject: {fileID: 197910}
  m_LocalRotation: {x: 0, y: 0, z: 0, w: 1}
  m_LocalPosition: {x: 195.784409, y: 227.549637, z: -.779999971}
  m_LocalScale: {x: 1, y: 1, z: 1}
  m_Children:
  - {fileID: 440718}
  - {fileID: 480984}
  - {fileID: 444250}
  - {fileID: 475270}
  - {fileID: 439048}
  - {fileID: 417876}
  - {fileID: 480954}
  - {fileID: 401122}
  - {fileID: 483638}
  - {fileID: 486408}
  - {fileID: 409528}
  - {fileID: 465700}
  - {fileID: 429472}
  m_Father: {fileID: 0}
  m_RootOrder: 0
--- !u!4 &439048
Transform:
  m_ObjectHideFlags: 1
  m_PrefabParentObject: {fileID: 0}
  m_PrefabInternal: {fileID: 100100000}
  m_GameObject: {fileID: 160622}
  m_LocalRotation: {x: 0, y: 0, z: .358299285, w: .933606803}
  m_LocalPosition: {x: 0, y: 0, z: 0}
  m_LocalScale: {x: 1, y: 1, z: 1}
  m_Children: []
  m_Father: {fileID: 431636}
  m_RootOrder: 4
--- !u!4 &440718
Transform:
  m_ObjectHideFlags: 1
  m_PrefabParentObject: {fileID: 0}
  m_PrefabInternal: {fileID: 100100000}
  m_GameObject: {fileID: 124842}
  m_LocalRotation: {x: 0, y: 0, z: .358299285, w: .933606803}
  m_LocalPosition: {x: 0, y: 0, z: 0}
  m_LocalScale: {x: 1, y: 1, z: 1}
  m_Children: []
  m_Father: {fileID: 431636}
  m_RootOrder: 0
--- !u!4 &444250
Transform:
  m_ObjectHideFlags: 1
  m_PrefabParentObject: {fileID: 0}
  m_PrefabInternal: {fileID: 100100000}
  m_GameObject: {fileID: 180972}
  m_LocalRotation: {x: 0, y: 0, z: .358299285, w: .933606803}
  m_LocalPosition: {x: 0, y: 0, z: 0}
  m_LocalScale: {x: 1, y: 1, z: 1}
  m_Children: []
  m_Father: {fileID: 431636}
  m_RootOrder: 2
--- !u!4 &465700
Transform:
  m_ObjectHideFlags: 1
  m_PrefabParentObject: {fileID: 0}
  m_PrefabInternal: {fileID: 100100000}
  m_GameObject: {fileID: 122266}
  m_LocalRotation: {x: 0, y: 0, z: .358299285, w: .933606803}
  m_LocalPosition: {x: 0, y: 0, z: 0}
  m_LocalScale: {x: 1, y: 1, z: 1}
  m_Children: []
  m_Father: {fileID: 431636}
  m_RootOrder: 11
--- !u!4 &475270
Transform:
  m_ObjectHideFlags: 1
  m_PrefabParentObject: {fileID: 0}
  m_PrefabInternal: {fileID: 100100000}
  m_GameObject: {fileID: 111036}
  m_LocalRotation: {x: 0, y: 0, z: .358299285, w: .933606803}
  m_LocalPosition: {x: 0, y: 0, z: 0}
  m_LocalScale: {x: 1, y: 1, z: 1}
  m_Children: []
  m_Father: {fileID: 431636}
  m_RootOrder: 3
--- !u!4 &480954
Transform:
  m_ObjectHideFlags: 1
  m_PrefabParentObject: {fileID: 0}
  m_PrefabInternal: {fileID: 100100000}
  m_GameObject: {fileID: 180368}
  m_LocalRotation: {x: 0, y: 0, z: .358299285, w: .933606803}
  m_LocalPosition: {x: 0, y: 0, z: 0}
  m_LocalScale: {x: 1, y: 1, z: 1}
  m_Children: []
  m_Father: {fileID: 431636}
  m_RootOrder: 6
--- !u!4 &480984
Transform:
  m_ObjectHideFlags: 1
  m_PrefabParentObject: {fileID: 0}
  m_PrefabInternal: {fileID: 100100000}
  m_GameObject: {fileID: 123924}
  m_LocalRotation: {x: 0, y: 0, z: .358299285, w: .933606803}
  m_LocalPosition: {x: 0, y: 0, z: 0}
  m_LocalScale: {x: 1, y: 1, z: 1}
  m_Children: []
  m_Father: {fileID: 431636}
  m_RootOrder: 1
--- !u!4 &483638
Transform:
  m_ObjectHideFlags: 1
  m_PrefabParentObject: {fileID: 0}
  m_PrefabInternal: {fileID: 100100000}
  m_GameObject: {fileID: 199028}
  m_LocalRotation: {x: 0, y: 0, z: .358299285, w: .933606803}
  m_LocalPosition: {x: 0, y: 0, z: 0}
  m_LocalScale: {x: 1, y: 1, z: 1}
  m_Children: []
  m_Father: {fileID: 431636}
  m_RootOrder: 8
--- !u!4 &486408
Transform:
  m_ObjectHideFlags: 1
  m_PrefabParentObject: {fileID: 0}
  m_PrefabInternal: {fileID: 100100000}
  m_GameObject: {fileID: 182316}
  m_LocalRotation: {x: 0, y: 0, z: .358299285, w: .933606803}
  m_LocalPosition: {x: 0, y: 0, z: 0}
  m_LocalScale: {x: 1, y: 1, z: 1}
  m_Children: []
  m_Father: {fileID: 431636}
  m_RootOrder: 9
--- !u!50 &5023834
Rigidbody2D:
  m_ObjectHideFlags: 1
  m_PrefabParentObject: {fileID: 0}
  m_PrefabInternal: {fileID: 100100000}
  m_GameObject: {fileID: 111036}
  m_Mass: .150000006
  m_LinearDrag: 0
  m_AngularDrag: .0500000007
  m_GravityScale: 0
  m_FixedAngle: 0
  m_IsKinematic: 0
  m_Interpolate: 0
  m_SleepingMode: 1
  m_CollisionDetection: 0
--- !u!50 &5025338
Rigidbody2D:
  m_ObjectHideFlags: 1
  m_PrefabParentObject: {fileID: 0}
  m_PrefabInternal: {fileID: 100100000}
  m_GameObject: {fileID: 123924}
  m_Mass: .150000006
  m_LinearDrag: 0
  m_AngularDrag: .0500000007
  m_GravityScale: 0
  m_FixedAngle: 0
  m_IsKinematic: 0
  m_Interpolate: 0
  m_SleepingMode: 1
  m_CollisionDetection: 0
--- !u!50 &5026436
Rigidbody2D:
  m_ObjectHideFlags: 1
  m_PrefabParentObject: {fileID: 0}
  m_PrefabInternal: {fileID: 100100000}
  m_GameObject: {fileID: 182316}
  m_Mass: .150000006
  m_LinearDrag: 0
  m_AngularDrag: .0500000007
  m_GravityScale: 0
  m_FixedAngle: 0
  m_IsKinematic: 0
  m_Interpolate: 0
  m_SleepingMode: 1
  m_CollisionDetection: 0
--- !u!50 &5030892
Rigidbody2D:
  m_ObjectHideFlags: 1
  m_PrefabParentObject: {fileID: 0}
  m_PrefabInternal: {fileID: 100100000}
  m_GameObject: {fileID: 199028}
  m_Mass: .150000006
  m_LinearDrag: 0
  m_AngularDrag: .0500000007
  m_GravityScale: 0
  m_FixedAngle: 0
  m_IsKinematic: 0
  m_Interpolate: 0
  m_SleepingMode: 1
  m_CollisionDetection: 0
--- !u!50 &5041202
Rigidbody2D:
  m_ObjectHideFlags: 1
  m_PrefabParentObject: {fileID: 0}
  m_PrefabInternal: {fileID: 100100000}
  m_GameObject: {fileID: 180972}
  m_Mass: .150000006
  m_LinearDrag: 0
  m_AngularDrag: .0500000007
  m_GravityScale: 0
  m_FixedAngle: 0
  m_IsKinematic: 0
  m_Interpolate: 0
  m_SleepingMode: 1
  m_CollisionDetection: 0
--- !u!50 &5044500
Rigidbody2D:
  m_ObjectHideFlags: 1
  m_PrefabParentObject: {fileID: 0}
  m_PrefabInternal: {fileID: 100100000}
  m_GameObject: {fileID: 122266}
  m_Mass: .150000006
  m_LinearDrag: 0
  m_AngularDrag: .0500000007
  m_GravityScale: 0
  m_FixedAngle: 0
  m_IsKinematic: 0
  m_Interpolate: 0
  m_SleepingMode: 1
  m_CollisionDetection: 0
--- !u!50 &5044596
Rigidbody2D:
  m_ObjectHideFlags: 1
  m_PrefabParentObject: {fileID: 0}
  m_PrefabInternal: {fileID: 100100000}
  m_GameObject: {fileID: 160622}
  m_Mass: .150000006
  m_LinearDrag: 0
  m_AngularDrag: .0500000007
  m_GravityScale: 0
  m_FixedAngle: 0
  m_IsKinematic: 0
  m_Interpolate: 0
  m_SleepingMode: 1
  m_CollisionDetection: 0
--- !u!50 &5051758
Rigidbody2D:
  m_ObjectHideFlags: 1
  m_PrefabParentObject: {fileID: 0}
  m_PrefabInternal: {fileID: 100100000}
  m_GameObject: {fileID: 104966}
  m_Mass: .150000006
  m_LinearDrag: 0
  m_AngularDrag: .0500000007
  m_GravityScale: 0
  m_FixedAngle: 0
  m_IsKinematic: 0
  m_Interpolate: 0
  m_SleepingMode: 1
  m_CollisionDetection: 0
--- !u!50 &5057876
Rigidbody2D:
  m_ObjectHideFlags: 1
  m_PrefabParentObject: {fileID: 0}
  m_PrefabInternal: {fileID: 100100000}
  m_GameObject: {fileID: 124842}
  m_Mass: .150000006
  m_LinearDrag: 0
  m_AngularDrag: .0500000007
  m_GravityScale: 0
  m_FixedAngle: 0
  m_IsKinematic: 0
  m_Interpolate: 0
  m_SleepingMode: 1
  m_CollisionDetection: 0
--- !u!50 &5080752
Rigidbody2D:
  m_ObjectHideFlags: 1
  m_PrefabParentObject: {fileID: 0}
  m_PrefabInternal: {fileID: 100100000}
  m_GameObject: {fileID: 103930}
  m_Mass: .150000006
  m_LinearDrag: 0
  m_AngularDrag: .0500000007
  m_GravityScale: 0
  m_FixedAngle: 0
  m_IsKinematic: 0
  m_Interpolate: 0
  m_SleepingMode: 1
  m_CollisionDetection: 0
--- !u!50 &5090798
Rigidbody2D:
  m_ObjectHideFlags: 1
  m_PrefabParentObject: {fileID: 0}
  m_PrefabInternal: {fileID: 100100000}
  m_GameObject: {fileID: 145876}
  m_Mass: .150000006
  m_LinearDrag: 0
  m_AngularDrag: .0500000007
  m_GravityScale: 0
  m_FixedAngle: 0
  m_IsKinematic: 0
  m_Interpolate: 0
  m_SleepingMode: 1
  m_CollisionDetection: 0
--- !u!50 &5093186
Rigidbody2D:
  m_ObjectHideFlags: 1
  m_PrefabParentObject: {fileID: 0}
  m_PrefabInternal: {fileID: 100100000}
  m_GameObject: {fileID: 180368}
  m_Mass: .150000006
  m_LinearDrag: 0
  m_AngularDrag: .0500000007
  m_GravityScale: 0
  m_FixedAngle: 0
  m_IsKinematic: 0
  m_Interpolate: 0
  m_SleepingMode: 1
  m_CollisionDetection: 0
--- !u!114 &11400398
MonoBehaviour:
  m_ObjectHideFlags: 1
  m_PrefabParentObject: {fileID: 0}
  m_PrefabInternal: {fileID: 100100000}
  m_GameObject: {fileID: 103930}
  m_Enabled: 1
  m_EditorHideFlags: 0
  m_Script: {fileID: 11500000, guid: 40d1e5bf9a8ad43a4816044e52d66d29, type: 3}
  m_Name: 
  m_EditorClassIdentifier: 
  duration: 1
  delay: .5
  start: 1
  target: 0
  randomize: 1
  shouldDestroy: 0
  startAtZero: 0
--- !u!114 &11400522
MonoBehaviour:
  m_ObjectHideFlags: 1
  m_PrefabParentObject: {fileID: 0}
  m_PrefabInternal: {fileID: 100100000}
  m_GameObject: {fileID: 180368}
  m_Enabled: 1
  m_EditorHideFlags: 0
  m_Script: {fileID: 11500000, guid: 4b3da735b90d6449db599b7e8df034a4, type: 3}
  m_Name: 
  m_EditorClassIdentifier: 
--- !u!114 &11401890
MonoBehaviour:
  m_ObjectHideFlags: 1
  m_PrefabParentObject: {fileID: 0}
  m_PrefabInternal: {fileID: 100100000}
  m_GameObject: {fileID: 180368}
  m_Enabled: 1
  m_EditorHideFlags: 0
  m_Script: {fileID: 11500000, guid: a3c8ee2f873974feba666b15dff99194, type: 3}
  m_Name: 
  m_EditorClassIdentifier: 
  xForceMin: -10
  xForceMax: 9.60000038
  yForceMin: -10
  yForceMax: 9.69999981
  isImmediate: 1
  delay: 0
--- !u!114 &11402630
MonoBehaviour:
  m_ObjectHideFlags: 1
  m_PrefabParentObject: {fileID: 0}
  m_PrefabInternal: {fileID: 100100000}
  m_GameObject: {fileID: 111036}
  m_Enabled: 1
  m_EditorHideFlags: 0
  m_Script: {fileID: 11500000, guid: 4b3da735b90d6449db599b7e8df034a4, type: 3}
  m_Name: 
  m_EditorClassIdentifier: 
--- !u!114 &11403646
MonoBehaviour:
  m_ObjectHideFlags: 1
  m_PrefabParentObject: {fileID: 0}
  m_PrefabInternal: {fileID: 100100000}
  m_GameObject: {fileID: 145876}
  m_Enabled: 1
  m_EditorHideFlags: 0
  m_Script: {fileID: 11500000, guid: 4b3da735b90d6449db599b7e8df034a4, type: 3}
  m_Name: 
  m_EditorClassIdentifier: 
--- !u!114 &11404970
MonoBehaviour:
  m_ObjectHideFlags: 1
  m_PrefabParentObject: {fileID: 0}
  m_PrefabInternal: {fileID: 100100000}
  m_GameObject: {fileID: 160622}
  m_Enabled: 1
  m_EditorHideFlags: 0
  m_Script: {fileID: 11500000, guid: 40d1e5bf9a8ad43a4816044e52d66d29, type: 3}
  m_Name: 
  m_EditorClassIdentifier: 
  duration: 1
  delay: .5
  start: 1
  target: 0
  randomize: 1
  shouldDestroy: 0
  startAtZero: 0
--- !u!114 &11405006
MonoBehaviour:
  m_ObjectHideFlags: 1
  m_PrefabParentObject: {fileID: 0}
  m_PrefabInternal: {fileID: 100100000}
  m_GameObject: {fileID: 104966}
  m_Enabled: 1
  m_EditorHideFlags: 0
  m_Script: {fileID: 11500000, guid: a3c8ee2f873974feba666b15dff99194, type: 3}
  m_Name: 
  m_EditorClassIdentifier: 
  xForceMin: -10
  xForceMax: 9.60000038
  yForceMin: -10
  yForceMax: 9.69999981
  isImmediate: 1
  delay: 0
--- !u!114 &11405252
MonoBehaviour:
  m_ObjectHideFlags: 1
  m_PrefabParentObject: {fileID: 0}
  m_PrefabInternal: {fileID: 100100000}
  m_GameObject: {fileID: 124842}
  m_Enabled: 1
  m_EditorHideFlags: 0
  m_Script: {fileID: 11500000, guid: 40d1e5bf9a8ad43a4816044e52d66d29, type: 3}
  m_Name: 
  m_EditorClassIdentifier: 
  duration: 1
  delay: .5
  start: 1
  target: 0
  randomize: 1
  shouldDestroy: 0
  startAtZero: 0
--- !u!114 &11410088
MonoBehaviour:
  m_ObjectHideFlags: 1
  m_PrefabParentObject: {fileID: 0}
  m_PrefabInternal: {fileID: 100100000}
  m_GameObject: {fileID: 180972}
  m_Enabled: 1
  m_EditorHideFlags: 0
  m_Script: {fileID: 11500000, guid: 40d1e5bf9a8ad43a4816044e52d66d29, type: 3}
  m_Name: 
  m_EditorClassIdentifier: 
  duration: 1
  delay: .5
  start: 1
  target: 0
  randomize: 1
  shouldDestroy: 0
  startAtZero: 0
--- !u!114 &11410568
MonoBehaviour:
  m_ObjectHideFlags: 1
  m_PrefabParentObject: {fileID: 0}
  m_PrefabInternal: {fileID: 100100000}
  m_GameObject: {fileID: 104966}
  m_Enabled: 1
  m_EditorHideFlags: 0
  m_Script: {fileID: 11500000, guid: 4b3da735b90d6449db599b7e8df034a4, type: 3}
  m_Name: 
  m_EditorClassIdentifier: 
--- !u!114 &11411580
MonoBehaviour:
  m_ObjectHideFlags: 1
  m_PrefabParentObject: {fileID: 0}
  m_PrefabInternal: {fileID: 100100000}
  m_GameObject: {fileID: 123924}
  m_Enabled: 1
  m_EditorHideFlags: 0
  m_Script: {fileID: 11500000, guid: a3c8ee2f873974feba666b15dff99194, type: 3}
  m_Name: 
  m_EditorClassIdentifier: 
  xForceMin: -10
  xForceMax: 9.60000038
  yForceMin: -10
  yForceMax: 9.69999981
  isImmediate: 1
  delay: 0
--- !u!114 &11412196
MonoBehaviour:
  m_ObjectHideFlags: 1
  m_PrefabParentObject: {fileID: 0}
  m_PrefabInternal: {fileID: 100100000}
  m_GameObject: {fileID: 123924}
  m_Enabled: 1
  m_EditorHideFlags: 0
  m_Script: {fileID: 11500000, guid: 40d1e5bf9a8ad43a4816044e52d66d29, type: 3}
  m_Name: 
  m_EditorClassIdentifier: 
  duration: 1
  delay: .5
  start: 1
  target: 0
  randomize: 1
  shouldDestroy: 0
  startAtZero: 0
--- !u!114 &11413468
MonoBehaviour:
  m_ObjectHideFlags: 1
  m_PrefabParentObject: {fileID: 0}
  m_PrefabInternal: {fileID: 100100000}
  m_GameObject: {fileID: 199028}
  m_Enabled: 1
  m_EditorHideFlags: 0
  m_Script: {fileID: 11500000, guid: 40d1e5bf9a8ad43a4816044e52d66d29, type: 3}
  m_Name: 
  m_EditorClassIdentifier: 
  duration: 1
  delay: .5
  start: 1
  target: 0
  randomize: 1
  shouldDestroy: 0
  startAtZero: 0
--- !u!114 &11417538
MonoBehaviour:
  m_ObjectHideFlags: 1
  m_PrefabParentObject: {fileID: 0}
  m_PrefabInternal: {fileID: 100100000}
  m_GameObject: {fileID: 180972}
  m_Enabled: 1
  m_EditorHideFlags: 0
  m_Script: {fileID: 11500000, guid: 4b3da735b90d6449db599b7e8df034a4, type: 3}
  m_Name: 
  m_EditorClassIdentifier: 
--- !u!114 &11419294
MonoBehaviour:
  m_ObjectHideFlags: 1
  m_PrefabParentObject: {fileID: 0}
  m_PrefabInternal: {fileID: 100100000}
  m_GameObject: {fileID: 182316}
  m_Enabled: 1
  m_EditorHideFlags: 0
  m_Script: {fileID: 11500000, guid: 4b3da735b90d6449db599b7e8df034a4, type: 3}
  m_Name: 
  m_EditorClassIdentifier: 
--- !u!114 &11419822
MonoBehaviour:
  m_ObjectHideFlags: 1
  m_PrefabParentObject: {fileID: 0}
  m_PrefabInternal: {fileID: 100100000}
  m_GameObject: {fileID: 160622}
  m_Enabled: 1
  m_EditorHideFlags: 0
  m_Script: {fileID: 11500000, guid: a3c8ee2f873974feba666b15dff99194, type: 3}
  m_Name: 
  m_EditorClassIdentifier: 
  xForceMin: -10
  xForceMax: 9.60000038
  yForceMin: -10
  yForceMax: 9.69999981
  isImmediate: 1
  delay: 0
--- !u!114 &11428704
MonoBehaviour:
  m_ObjectHideFlags: 1
  m_PrefabParentObject: {fileID: 0}
  m_PrefabInternal: {fileID: 100100000}
  m_GameObject: {fileID: 124842}
  m_Enabled: 1
  m_EditorHideFlags: 0
  m_Script: {fileID: 11500000, guid: 4b3da735b90d6449db599b7e8df034a4, type: 3}
  m_Name: 
  m_EditorClassIdentifier: 
--- !u!114 &11431618
MonoBehaviour:
  m_ObjectHideFlags: 1
  m_PrefabParentObject: {fileID: 0}
  m_PrefabInternal: {fileID: 100100000}
  m_GameObject: {fileID: 145876}
  m_Enabled: 1
  m_EditorHideFlags: 0
  m_Script: {fileID: 11500000, guid: 40d1e5bf9a8ad43a4816044e52d66d29, type: 3}
  m_Name: 
  m_EditorClassIdentifier: 
  duration: 1
  delay: .5
  start: 1
  target: 0
  randomize: 1
  shouldDestroy: 0
  startAtZero: 0
--- !u!114 &11434412
MonoBehaviour:
  m_ObjectHideFlags: 1
  m_PrefabParentObject: {fileID: 0}
  m_PrefabInternal: {fileID: 100100000}
  m_GameObject: {fileID: 123924}
  m_Enabled: 1
  m_EditorHideFlags: 0
  m_Script: {fileID: 11500000, guid: 4b3da735b90d6449db599b7e8df034a4, type: 3}
  m_Name: 
  m_EditorClassIdentifier: 
--- !u!114 &11434714
MonoBehaviour:
  m_ObjectHideFlags: 1
  m_PrefabParentObject: {fileID: 0}
  m_PrefabInternal: {fileID: 100100000}
  m_GameObject: {fileID: 142208}
  m_Enabled: 1
  m_EditorHideFlags: 0
  m_Script: {fileID: 11500000, guid: 40d1e5bf9a8ad43a4816044e52d66d29, type: 3}
  m_Name: 
  m_EditorClassIdentifier: 
  duration: .150000006
  delay: .100000001
  start: 1
  target: 0
  randomize: 0
  shouldDestroy: 0
  startAtZero: 0
--- !u!114 &11435004
MonoBehaviour:
  m_ObjectHideFlags: 1
  m_PrefabParentObject: {fileID: 0}
  m_PrefabInternal: {fileID: 100100000}
  m_GameObject: {fileID: 111036}
  m_Enabled: 1
  m_EditorHideFlags: 0
  m_Script: {fileID: 11500000, guid: 40d1e5bf9a8ad43a4816044e52d66d29, type: 3}
  m_Name: 
  m_EditorClassIdentifier: 
  duration: 1
  delay: .5
  start: 1
  target: 0
  randomize: 1
  shouldDestroy: 0
  startAtZero: 0
--- !u!114 &11439714
MonoBehaviour:
  m_ObjectHideFlags: 1
  m_PrefabParentObject: {fileID: 0}
  m_PrefabInternal: {fileID: 100100000}
  m_GameObject: {fileID: 199028}
  m_Enabled: 1
  m_EditorHideFlags: 0
  m_Script: {fileID: 11500000, guid: a3c8ee2f873974feba666b15dff99194, type: 3}
  m_Name: 
  m_EditorClassIdentifier: 
  xForceMin: -10
  xForceMax: 9.60000038
  yForceMin: -10
  yForceMax: 9.69999981
  isImmediate: 1
  delay: 0
--- !u!114 &11442518
MonoBehaviour:
  m_ObjectHideFlags: 1
  m_PrefabParentObject: {fileID: 0}
  m_PrefabInternal: {fileID: 100100000}
  m_GameObject: {fileID: 103930}
  m_Enabled: 1
  m_EditorHideFlags: 0
  m_Script: {fileID: 11500000, guid: 4b3da735b90d6449db599b7e8df034a4, type: 3}
  m_Name: 
  m_EditorClassIdentifier: 
--- !u!114 &11444840
MonoBehaviour:
  m_ObjectHideFlags: 1
  m_PrefabParentObject: {fileID: 0}
  m_PrefabInternal: {fileID: 100100000}
  m_GameObject: {fileID: 122266}
  m_Enabled: 1
  m_EditorHideFlags: 0
  m_Script: {fileID: 11500000, guid: a3c8ee2f873974feba666b15dff99194, type: 3}
  m_Name: 
  m_EditorClassIdentifier: 
  xForceMin: -10
  xForceMax: 9.60000038
  yForceMin: -10
  yForceMax: 9.69999981
  isImmediate: 1
  delay: 0
--- !u!114 &11446508
MonoBehaviour:
  m_ObjectHideFlags: 1
  m_PrefabParentObject: {fileID: 0}
  m_PrefabInternal: {fileID: 100100000}
  m_GameObject: {fileID: 103930}
  m_Enabled: 1
  m_EditorHideFlags: 0
  m_Script: {fileID: 11500000, guid: a3c8ee2f873974feba666b15dff99194, type: 3}
  m_Name: 
  m_EditorClassIdentifier: 
  xForceMin: -10
  xForceMax: 9.60000038
  yForceMin: -10
  yForceMax: 9.69999981
  isImmediate: 1
  delay: 0
--- !u!114 &11448716
MonoBehaviour:
  m_ObjectHideFlags: 1
  m_PrefabParentObject: {fileID: 0}
  m_PrefabInternal: {fileID: 100100000}
  m_GameObject: {fileID: 197910}
  m_Enabled: 1
  m_EditorHideFlags: 0
  m_Script: {fileID: 11500000, guid: bcded27f23d774f54838cc52f3f06b54, type: 3}
  m_Name: 
  m_EditorClassIdentifier: 
  delay: 5
--- !u!114 &11453372
MonoBehaviour:
  m_ObjectHideFlags: 1
  m_PrefabParentObject: {fileID: 0}
  m_PrefabInternal: {fileID: 100100000}
  m_GameObject: {fileID: 142208}
  m_Enabled: 1
  m_EditorHideFlags: 0
  m_Script: {fileID: 11500000, guid: e6df87666408044d388ebb4d0a75eeaf, type: 3}
  m_Name: 
  m_EditorClassIdentifier: 
  targetScale: {x: 1, y: 1, z: 1}
  duration: .200000003
  delay: 0
  easer: 1
  scaleToOrig: 0
  forceScale: 0
  waitForScale: 0
  flipOnRight: 0
--- !u!114 &11453438
MonoBehaviour:
  m_ObjectHideFlags: 1
  m_PrefabParentObject: {fileID: 0}
  m_PrefabInternal: {fileID: 100100000}
  m_GameObject: {fileID: 182316}
  m_Enabled: 1
  m_EditorHideFlags: 0
  m_Script: {fileID: 11500000, guid: 40d1e5bf9a8ad43a4816044e52d66d29, type: 3}
  m_Name: 
  m_EditorClassIdentifier: 
  duration: 1
  delay: .5
  start: 1
  target: 0
  randomize: 1
  shouldDestroy: 0
  startAtZero: 0
--- !u!114 &11454452
MonoBehaviour:
  m_ObjectHideFlags: 1
  m_PrefabParentObject: {fileID: 0}
  m_PrefabInternal: {fileID: 100100000}
  m_GameObject: {fileID: 180368}
  m_Enabled: 1
  m_EditorHideFlags: 0
  m_Script: {fileID: 11500000, guid: 40d1e5bf9a8ad43a4816044e52d66d29, type: 3}
  m_Name: 
  m_EditorClassIdentifier: 
  duration: 1
  delay: .5
  start: 1
  target: 0
  randomize: 1
  shouldDestroy: 0
  startAtZero: 0
--- !u!114 &11454624
MonoBehaviour:
  m_ObjectHideFlags: 1
  m_PrefabParentObject: {fileID: 0}
  m_PrefabInternal: {fileID: 100100000}
  m_GameObject: {fileID: 145876}
  m_Enabled: 1
  m_EditorHideFlags: 0
  m_Script: {fileID: 11500000, guid: a3c8ee2f873974feba666b15dff99194, type: 3}
  m_Name: 
  m_EditorClassIdentifier: 
  xForceMin: -10
  xForceMax: 9.60000038
  yForceMin: -10
  yForceMax: 9.69999981
  isImmediate: 1
  delay: 0
--- !u!114 &11464762
MonoBehaviour:
  m_ObjectHideFlags: 1
  m_PrefabParentObject: {fileID: 0}
  m_PrefabInternal: {fileID: 100100000}
  m_GameObject: {fileID: 199028}
  m_Enabled: 1
  m_EditorHideFlags: 0
  m_Script: {fileID: 11500000, guid: 4b3da735b90d6449db599b7e8df034a4, type: 3}
  m_Name: 
  m_EditorClassIdentifier: 
--- !u!114 &11467524
MonoBehaviour:
  m_ObjectHideFlags: 1
  m_PrefabParentObject: {fileID: 0}
  m_PrefabInternal: {fileID: 100100000}
  m_GameObject: {fileID: 104966}
  m_Enabled: 1
  m_EditorHideFlags: 0
  m_Script: {fileID: 11500000, guid: 40d1e5bf9a8ad43a4816044e52d66d29, type: 3}
  m_Name: 
  m_EditorClassIdentifier: 
  duration: 1
  delay: .5
  start: 1
  target: 0
  randomize: 1
  shouldDestroy: 0
  startAtZero: 0
--- !u!114 &11473618
MonoBehaviour:
  m_ObjectHideFlags: 1
  m_PrefabParentObject: {fileID: 0}
  m_PrefabInternal: {fileID: 100100000}
  m_GameObject: {fileID: 160622}
  m_Enabled: 1
  m_EditorHideFlags: 0
  m_Script: {fileID: 11500000, guid: 4b3da735b90d6449db599b7e8df034a4, type: 3}
  m_Name: 
  m_EditorClassIdentifier: 
--- !u!114 &11482804
MonoBehaviour:
  m_ObjectHideFlags: 1
  m_PrefabParentObject: {fileID: 0}
  m_PrefabInternal: {fileID: 100100000}
  m_GameObject: {fileID: 182316}
  m_Enabled: 1
  m_EditorHideFlags: 0
  m_Script: {fileID: 11500000, guid: a3c8ee2f873974feba666b15dff99194, type: 3}
  m_Name: 
  m_EditorClassIdentifier: 
  xForceMin: -10
  xForceMax: 9.60000038
  yForceMin: -10
  yForceMax: 9.69999981
  isImmediate: 1
  delay: 0
--- !u!114 &11484074
MonoBehaviour:
  m_ObjectHideFlags: 1
  m_PrefabParentObject: {fileID: 0}
  m_PrefabInternal: {fileID: 100100000}
  m_GameObject: {fileID: 122266}
  m_Enabled: 1
  m_EditorHideFlags: 0
  m_Script: {fileID: 11500000, guid: 40d1e5bf9a8ad43a4816044e52d66d29, type: 3}
  m_Name: 
  m_EditorClassIdentifier: 
  duration: 1
  delay: .5
  start: 1
  target: 0
  randomize: 1
  shouldDestroy: 0
  startAtZero: 0
--- !u!114 &11491522
MonoBehaviour:
  m_ObjectHideFlags: 1
  m_PrefabParentObject: {fileID: 0}
  m_PrefabInternal: {fileID: 100100000}
  m_GameObject: {fileID: 111036}
  m_Enabled: 1
  m_EditorHideFlags: 0
  m_Script: {fileID: 11500000, guid: a3c8ee2f873974feba666b15dff99194, type: 3}
  m_Name: 
  m_EditorClassIdentifier: 
  xForceMin: -10
  xForceMax: 9.60000038
  yForceMin: -10
  yForceMax: 9.69999981
  isImmediate: 1
  delay: 0
--- !u!114 &11493440
MonoBehaviour:
  m_ObjectHideFlags: 1
  m_PrefabParentObject: {fileID: 0}
  m_PrefabInternal: {fileID: 100100000}
  m_GameObject: {fileID: 180972}
  m_Enabled: 1
  m_EditorHideFlags: 0
  m_Script: {fileID: 11500000, guid: a3c8ee2f873974feba666b15dff99194, type: 3}
  m_Name: 
  m_EditorClassIdentifier: 
  xForceMin: -10
  xForceMax: 9.60000038
  yForceMin: -10
  yForceMax: 9.69999981
  isImmediate: 1
  delay: 0
--- !u!114 &11495126
MonoBehaviour:
  m_ObjectHideFlags: 1
  m_PrefabParentObject: {fileID: 0}
  m_PrefabInternal: {fileID: 100100000}
  m_GameObject: {fileID: 122266}
  m_Enabled: 1
  m_EditorHideFlags: 0
  m_Script: {fileID: 11500000, guid: 4b3da735b90d6449db599b7e8df034a4, type: 3}
  m_Name: 
  m_EditorClassIdentifier: 
--- !u!114 &11498006
MonoBehaviour:
  m_ObjectHideFlags: 1
  m_PrefabParentObject: {fileID: 0}
  m_PrefabInternal: {fileID: 100100000}
  m_GameObject: {fileID: 124842}
  m_Enabled: 1
  m_EditorHideFlags: 0
  m_Script: {fileID: 11500000, guid: a3c8ee2f873974feba666b15dff99194, type: 3}
  m_Name: 
  m_EditorClassIdentifier: 
  xForceMin: -10
  xForceMax: 9.60000038
  yForceMin: -10
  yForceMax: 9.69999981
  isImmediate: 1
  delay: 0
--- !u!212 &21206546
SpriteRenderer:
  m_ObjectHideFlags: 1
  m_PrefabParentObject: {fileID: 0}
  m_PrefabInternal: {fileID: 100100000}
  m_GameObject: {fileID: 111036}
  m_Enabled: 1
  m_CastShadows: 0
  m_ReceiveShadows: 0
  m_Materials:
  - {fileID: 2100000, guid: aafccbe16a026416dbe7db1826b7ef83, type: 2}
  m_SubsetIndices: 
  m_StaticBatchRoot: {fileID: 0}
  m_UseLightProbes: 1
  m_ReflectionProbeUsage: 1
  m_ProbeAnchor: {fileID: 0}
  m_ScaleInLightmap: 1
  m_PreserveUVs: 0
  m_ImportantGI: 0
  m_AutoUVMaxDistance: .5
  m_AutoUVMaxAngle: 89
  m_LightmapParameters: {fileID: 0}
  m_SortingLayerID: 0
  m_SortingOrder: 0
  m_Sprite: {fileID: 21300000, guid: b3432f6ea85c047d69ce91dd3d44bff2, type: 3}
  m_Color: {r: 1, g: 1, b: 1, a: 1}
--- !u!212 &21210850
SpriteRenderer:
  m_ObjectHideFlags: 1
  m_PrefabParentObject: {fileID: 0}
  m_PrefabInternal: {fileID: 100100000}
  m_GameObject: {fileID: 182316}
  m_Enabled: 1
  m_CastShadows: 0
  m_ReceiveShadows: 0
  m_Materials:
  - {fileID: 2100000, guid: aafccbe16a026416dbe7db1826b7ef83, type: 2}
  m_SubsetIndices: 
  m_StaticBatchRoot: {fileID: 0}
  m_UseLightProbes: 1
  m_ReflectionProbeUsage: 1
  m_ProbeAnchor: {fileID: 0}
  m_ScaleInLightmap: 1
  m_PreserveUVs: 0
  m_ImportantGI: 0
  m_AutoUVMaxDistance: .5
  m_AutoUVMaxAngle: 89
  m_LightmapParameters: {fileID: 0}
  m_SortingLayerID: 0
  m_SortingOrder: 0
  m_Sprite: {fileID: 21300000, guid: 46fbea1b8f7454c9c8e7e2fdba736994, type: 3}
  m_Color: {r: 1, g: 1, b: 1, a: 1}
--- !u!212 &21228200
SpriteRenderer:
  m_ObjectHideFlags: 1
  m_PrefabParentObject: {fileID: 0}
  m_PrefabInternal: {fileID: 100100000}
  m_GameObject: {fileID: 103930}
  m_Enabled: 1
  m_CastShadows: 0
  m_ReceiveShadows: 0
  m_Materials:
  - {fileID: 2100000, guid: aafccbe16a026416dbe7db1826b7ef83, type: 2}
  m_SubsetIndices: 
  m_StaticBatchRoot: {fileID: 0}
  m_UseLightProbes: 1
  m_ReflectionProbeUsage: 1
  m_ProbeAnchor: {fileID: 0}
  m_ScaleInLightmap: 1
  m_PreserveUVs: 0
  m_ImportantGI: 0
  m_AutoUVMaxDistance: .5
  m_AutoUVMaxAngle: 89
  m_LightmapParameters: {fileID: 0}
  m_SortingLayerID: 0
  m_SortingOrder: 0
  m_Sprite: {fileID: 21300000, guid: 8cf81006161884a918bc6cd5bb386806, type: 3}
  m_Color: {r: 1, g: 1, b: 1, a: 1}
--- !u!212 &21237858
SpriteRenderer:
  m_ObjectHideFlags: 1
  m_PrefabParentObject: {fileID: 0}
  m_PrefabInternal: {fileID: 100100000}
  m_GameObject: {fileID: 142208}
  m_Enabled: 1
  m_CastShadows: 0
  m_ReceiveShadows: 0
  m_Materials:
  - {fileID: 2100000, guid: aafccbe16a026416dbe7db1826b7ef83, type: 2}
  m_SubsetIndices: 
  m_StaticBatchRoot: {fileID: 0}
  m_UseLightProbes: 1
  m_ReflectionProbeUsage: 1
  m_ProbeAnchor: {fileID: 0}
  m_ScaleInLightmap: 1
  m_PreserveUVs: 0
  m_ImportantGI: 0
  m_AutoUVMaxDistance: .5
  m_AutoUVMaxAngle: 89
  m_LightmapParameters: {fileID: 0}
  m_SortingLayerID: 0
  m_SortingOrder: 62
  m_Sprite: {fileID: 21300000, guid: 6260f620077fc471397c6d3deaa483d4, type: 3}
  m_Color: {r: 1, g: 1, b: 1, a: 1}
--- !u!212 &21242518
SpriteRenderer:
  m_ObjectHideFlags: 1
  m_PrefabParentObject: {fileID: 0}
  m_PrefabInternal: {fileID: 100100000}
  m_GameObject: {fileID: 199028}
  m_Enabled: 1
  m_CastShadows: 0
  m_ReceiveShadows: 0
  m_Materials:
  - {fileID: 2100000, guid: aafccbe16a026416dbe7db1826b7ef83, type: 2}
  m_SubsetIndices: 
  m_StaticBatchRoot: {fileID: 0}
  m_UseLightProbes: 1
  m_ReflectionProbeUsage: 1
  m_ProbeAnchor: {fileID: 0}
  m_ScaleInLightmap: 1
  m_PreserveUVs: 0
  m_ImportantGI: 0
  m_AutoUVMaxDistance: .5
  m_AutoUVMaxAngle: 89
  m_LightmapParameters: {fileID: 0}
  m_SortingLayerID: 0
  m_SortingOrder: 0
  m_Sprite: {fileID: 21300000, guid: f1ccbb680bc3848ed942616734ad2e19, type: 3}
  m_Color: {r: 1, g: 1, b: 1, a: 1}
--- !u!212 &21248900
SpriteRenderer:
  m_ObjectHideFlags: 1
  m_PrefabParentObject: {fileID: 0}
  m_PrefabInternal: {fileID: 100100000}
  m_GameObject: {fileID: 180368}
  m_Enabled: 1
  m_CastShadows: 0
  m_ReceiveShadows: 0
  m_Materials:
  - {fileID: 2100000, guid: aafccbe16a026416dbe7db1826b7ef83, type: 2}
  m_SubsetIndices: 
  m_StaticBatchRoot: {fileID: 0}
  m_UseLightProbes: 1
  m_ReflectionProbeUsage: 1
  m_ProbeAnchor: {fileID: 0}
  m_ScaleInLightmap: 1
  m_PreserveUVs: 0
  m_ImportantGI: 0
  m_AutoUVMaxDistance: .5
  m_AutoUVMaxAngle: 89
  m_LightmapParameters: {fileID: 0}
  m_SortingLayerID: 0
  m_SortingOrder: 0
  m_Sprite: {fileID: 21300000, guid: 576a441681e164a029c2f1b8a84573a8, type: 3}
  m_Color: {r: 1, g: 1, b: 1, a: 1}
--- !u!212 &21255732
SpriteRenderer:
  m_ObjectHideFlags: 1
  m_PrefabParentObject: {fileID: 0}
  m_PrefabInternal: {fileID: 100100000}
  m_GameObject: {fileID: 180972}
  m_Enabled: 1
  m_CastShadows: 0
  m_ReceiveShadows: 0
  m_Materials:
  - {fileID: 2100000, guid: aafccbe16a026416dbe7db1826b7ef83, type: 2}
  m_SubsetIndices: 
  m_StaticBatchRoot: {fileID: 0}
  m_UseLightProbes: 1
  m_ReflectionProbeUsage: 1
  m_ProbeAnchor: {fileID: 0}
  m_ScaleInLightmap: 1
  m_PreserveUVs: 0
  m_ImportantGI: 0
  m_AutoUVMaxDistance: .5
  m_AutoUVMaxAngle: 89
  m_LightmapParameters: {fileID: 0}
  m_SortingLayerID: 0
  m_SortingOrder: 0
  m_Sprite: {fileID: 21300000, guid: f66e8cf7fdbf84c16966e9a554b0d111, type: 3}
  m_Color: {r: 1, g: 1, b: 1, a: 1}
--- !u!212 &21271982
SpriteRenderer:
  m_ObjectHideFlags: 1
  m_PrefabParentObject: {fileID: 0}
  m_PrefabInternal: {fileID: 100100000}
  m_GameObject: {fileID: 104966}
  m_Enabled: 1
  m_CastShadows: 0
  m_ReceiveShadows: 0
  m_Materials:
  - {fileID: 2100000, guid: aafccbe16a026416dbe7db1826b7ef83, type: 2}
  m_SubsetIndices: 
  m_StaticBatchRoot: {fileID: 0}
  m_UseLightProbes: 1
  m_ReflectionProbeUsage: 1
  m_ProbeAnchor: {fileID: 0}
  m_ScaleInLightmap: 1
  m_PreserveUVs: 0
  m_ImportantGI: 0
  m_AutoUVMaxDistance: .5
  m_AutoUVMaxAngle: 89
  m_LightmapParameters: {fileID: 0}
  m_SortingLayerID: 0
  m_SortingOrder: 0
  m_Sprite: {fileID: 21300000, guid: 74dbded0454ae4d62aa632096eb35f91, type: 3}
  m_Color: {r: 1, g: 1, b: 1, a: 1}
--- !u!212 &21277262
SpriteRenderer:
  m_ObjectHideFlags: 1
  m_PrefabParentObject: {fileID: 0}
  m_PrefabInternal: {fileID: 100100000}
  m_GameObject: {fileID: 122266}
  m_Enabled: 1
  m_CastShadows: 0
  m_ReceiveShadows: 0
  m_Materials:
  - {fileID: 2100000, guid: aafccbe16a026416dbe7db1826b7ef83, type: 2}
  m_SubsetIndices: 
  m_StaticBatchRoot: {fileID: 0}
  m_UseLightProbes: 1
  m_ReflectionProbeUsage: 1
  m_ProbeAnchor: {fileID: 0}
  m_ScaleInLightmap: 1
  m_PreserveUVs: 0
  m_ImportantGI: 0
  m_AutoUVMaxDistance: .5
  m_AutoUVMaxAngle: 89
  m_LightmapParameters: {fileID: 0}
  m_SortingLayerID: 0
  m_SortingOrder: 0
  m_Sprite: {fileID: 21300000, guid: 62dc4731f5cc84be98f302f0b160e231, type: 3}
  m_Color: {r: 1, g: 1, b: 1, a: 1}
--- !u!212 &21281706
SpriteRenderer:
  m_ObjectHideFlags: 1
  m_PrefabParentObject: {fileID: 0}
  m_PrefabInternal: {fileID: 100100000}
  m_GameObject: {fileID: 123924}
  m_Enabled: 1
  m_CastShadows: 0
  m_ReceiveShadows: 0
  m_Materials:
  - {fileID: 2100000, guid: aafccbe16a026416dbe7db1826b7ef83, type: 2}
  m_SubsetIndices: 
  m_StaticBatchRoot: {fileID: 0}
  m_UseLightProbes: 1
  m_ReflectionProbeUsage: 1
  m_ProbeAnchor: {fileID: 0}
  m_ScaleInLightmap: 1
  m_PreserveUVs: 0
  m_ImportantGI: 0
  m_AutoUVMaxDistance: .5
  m_AutoUVMaxAngle: 89
  m_LightmapParameters: {fileID: 0}
  m_SortingLayerID: 0
  m_SortingOrder: 0
  m_Sprite: {fileID: 21300000, guid: a6885470978bd4c2a9e60238aff1f517, type: 3}
  m_Color: {r: 1, g: 1, b: 1, a: 1}
--- !u!212 &21284254
SpriteRenderer:
  m_ObjectHideFlags: 1
  m_PrefabParentObject: {fileID: 0}
  m_PrefabInternal: {fileID: 100100000}
  m_GameObject: {fileID: 124842}
  m_Enabled: 1
  m_CastShadows: 0
  m_ReceiveShadows: 0
  m_Materials:
  - {fileID: 2100000, guid: aafccbe16a026416dbe7db1826b7ef83, type: 2}
  m_SubsetIndices: 
  m_StaticBatchRoot: {fileID: 0}
  m_UseLightProbes: 1
  m_ReflectionProbeUsage: 1
  m_ProbeAnchor: {fileID: 0}
  m_ScaleInLightmap: 1
  m_PreserveUVs: 0
  m_ImportantGI: 0
  m_AutoUVMaxDistance: .5
  m_AutoUVMaxAngle: 89
  m_LightmapParameters: {fileID: 0}
  m_SortingLayerID: 0
  m_SortingOrder: 0
  m_Sprite: {fileID: 21300000, guid: afad7f5e3c4d44727bb6bffcf701aaec, type: 3}
  m_Color: {r: 1, g: 1, b: 1, a: 1}
--- !u!212 &21288768
SpriteRenderer:
  m_ObjectHideFlags: 1
  m_PrefabParentObject: {fileID: 0}
  m_PrefabInternal: {fileID: 100100000}
  m_GameObject: {fileID: 145876}
  m_Enabled: 1
  m_CastShadows: 0
  m_ReceiveShadows: 0
  m_Materials:
  - {fileID: 2100000, guid: aafccbe16a026416dbe7db1826b7ef83, type: 2}
  m_SubsetIndices: 
  m_StaticBatchRoot: {fileID: 0}
  m_UseLightProbes: 1
  m_ReflectionProbeUsage: 1
  m_ProbeAnchor: {fileID: 0}
  m_ScaleInLightmap: 1
  m_PreserveUVs: 0
  m_ImportantGI: 0
  m_AutoUVMaxDistance: .5
  m_AutoUVMaxAngle: 89
  m_LightmapParameters: {fileID: 0}
  m_SortingLayerID: 0
  m_SortingOrder: 0
  m_Sprite: {fileID: 21300000, guid: 5bde49bae1cb5418ea32929019356bd4, type: 3}
  m_Color: {r: 1, g: 1, b: 1, a: 1}
--- !u!212 &21291414
SpriteRenderer:
  m_ObjectHideFlags: 1
  m_PrefabParentObject: {fileID: 0}
  m_PrefabInternal: {fileID: 100100000}
  m_GameObject: {fileID: 160622}
  m_Enabled: 1
  m_CastShadows: 0
  m_ReceiveShadows: 0
  m_Materials:
  - {fileID: 2100000, guid: aafccbe16a026416dbe7db1826b7ef83, type: 2}
  m_SubsetIndices: 
  m_StaticBatchRoot: {fileID: 0}
  m_UseLightProbes: 1
  m_ReflectionProbeUsage: 1
  m_ProbeAnchor: {fileID: 0}
  m_ScaleInLightmap: 1
  m_PreserveUVs: 0
  m_ImportantGI: 0
  m_AutoUVMaxDistance: .5
  m_AutoUVMaxAngle: 89
  m_LightmapParameters: {fileID: 0}
  m_SortingLayerID: 0
  m_SortingOrder: 0
  m_Sprite: {fileID: 21300000, guid: 4afc2526404d54ad4a8741bdbe72da69, type: 3}
  m_Color: {r: 1, g: 1, b: 1, a: 1}
--- !u!1001 &100100000
Prefab:
  m_ObjectHideFlags: 1
  serializedVersion: 2
  m_Modification:
    m_TransformParent: {fileID: 0}
    m_Modifications: []
    m_RemovedComponents: []
  m_ParentPrefab: {fileID: 0}
  m_RootGameObject: {fileID: 197910}
  m_IsPrefabParent: 1
